@manual{Versuchsanleitung,
  organization = {TU Dortmund, Fakultät Physik},
  title = {Versuchsanleitung}
}

@BOOK{festkoerperphysik,
  AUTHOR = {Gross, Rudolf and Marx, Achim},
  TITLE = {Festkörperphysik},
  YEAR = {2023},
  EDITION = {3},
  PUBLISHER = {De Gruyter},
}

@manual{Versuchsanleitung_v408,
  organization = {TU Dortmund, Fakultät Physik},
  title = {PowerPoint zu v408}
}

@online{Wasserdichte,
  url = {https://antoine.frostburg.edu/chem/senese/javascript/water-density.html},
  urldate = {2023-11-21},
  title = {Water density calculator}
}

@online{Viskositaet_wasser,
  url = {https://www.omnicalculator.com/physics/water-viscosity},
  urldate = {2023-11-25},
  title = {Water viscosity cakculator} 
}

@online{KritischeReynoldsZahl,
  url = {https://uol.de/f/5/inst/physik/ag/physikpraktika/download/GPR/pdf/Viskositaet.pdf},
  urldate = {2023-12-05},
  title = {Carl von Ossietzky Universität Oldenburg}
}

@online{Harmonische_Schwingung,
  url = {https://www.leifiphysik.de/mechanik/mechanische-schwingungen/grundwissen/harmonische-schwingungen},
  urldate = {2023-12-10},
  title = {Leifi Physik}
}

@online{Kleinwinkelnäherung,
  url = {http://download.mmag.hrz.tu-darmstadt.de/media/HRZ/elc/OpenLearnWare/Bauingenieurwesen/2004_Lerneinheiten_Lange/kurse/kurs_02_stabi/06a.html},
  urldate = {2023-12-10},
  title = {TU Darmstadt}
}

@online{Metalldichten,
  url = {https://www.scheideanstalt.de/metallglossar/metallglossar/},
  urldate = {2023-12-18},
  title = {Metallglossar}
}

@online{E_Modul_Kupfer_Messing,
  url = {https://www.chemie.de/lexikon/Elastizit%C3%A4tsmodul.html},
  urldate = {2023-12-18},
  title = {chemie.de}
}

@online{E_Modul_Stahl,
  url = {https://www.chemie.de/lexikon/Stahl.html#:~:text=Die%20Dichte%20von%20Stahl%20bzw,zu%201530%C2%B0C%20betragen},
  urldate = {2023-12-18},
  title = {chemie.de}
}

@online{E_Modul_Bronze,
  url = {https://www.enargus.de/pub/bscw.cgi/d2831-2/*/*/Elastizit%c3%a4tsmodul.html?op=Wiki.getwiki},
  urldate = {2023-12-18},
  title = {enargus.de}
}

@online{Planck_Konstante,
  url = {https://www.spektrum.de/lexikon/physik/plancksches-wirkungsquantum/11310},
  urldate = {2024-04-22},
  title = {spektrum.de}
}

@online{Austrittsarbeiten,
  url = {https://www.fh-muenster.de/ciw/downloads/personal/juestel/juestel/chemie/Austrittsarbeit.pdf},
  urldate = {2024-06-01},
  title = {fh-muenster.de}
}

@online{Dichte_Alu,
  url = {https://www.chemie.de/lexikon/Aluminium.html},
  urldate = {2024-05-13},
  title = {chemie.de}
}

@online{Rhodium_Halbwertszeiten,
  url = {https://www.internetchemie.info/isotop.php?Kern=Rh-104},
  urldate = {2024-05-16},
  title = {internetchemie.info}
}

@online{Schallgeschwindigkeiten_alu_acryl,
  url = {https://www.olympus-ims.com/de/ndt-tutorials/thickness-gauge/appendices-velocities/},
  urldate = {2024-06-11},
  title = {Olympus-IMS.com}
}

@online{copper_kappa,
  url = {https://www.engineeringtoolbox.com/bulk-modulus-metals-d_1351.html?utm_source=chatgpt.com},
  urldate = {2025-04-23},
  title = {Engineeringtoolbox.com}
}

@online{copper_molar_volume,
  url = {https://www.chemie.de/lexikon/Kupfer.html},
  urldate = {2025-04-23},
  title = {Chemie.de}
}

@online{pn-junction,
  url = {https://en.wikipedia.org/wiki/P–n_junction},
  urldate = {2025-04-35},
  title = {Wikipedia},
}


